<?xml version="1.0" encoding="UTF-8"?>
<record xmlns="http://www.loc.gov/MARC21/slim" xmlns:xsi="http://www.w3.org/2001/XMLSchema-instance" xsi:schemaLocation="http://www.loc.gov/MARC21/slim http://www.loc.gov/standards/marcxml/schema/MARC21slim.xsd">
<leader>     cam a2200337   4500</leader>
<controlfield tag="001">001676869</controlfield>
<controlfield tag="003">NNU</controlfield>
<controlfield tag="005">20061010173152.0</controlfield>
<controlfield tag="008">980915m19491956sy h     b    000 0 ara</controlfield>
<datafield tag="010" ind1=" " ind2=" ">
<subfield code="a">75586798 /NE</subfield>
</datafield>
<datafield tag="035" ind1="9" ind2=" ">
<subfield code="a">NYUb12220233</subfield>
</datafield>
<datafield tag="035" ind1=" " ind2=" ">
<subfield code="a">(NNU)NYUb12220233</subfield>
</datafield>
<datafield tag="040" ind1=" " ind2=" ">
<subfield code="a">DLC</subfield>
<subfield code="c">CU</subfield>
<subfield code="d">CU</subfield>
<subfield code="d">MH</subfield>
<subfield code="d">CStRLIN</subfield>
<subfield code="d">UaCaAUL</subfield>
</datafield>
<datafield tag="043" ind1=" " ind2=" ">
<subfield code="a">a-sy---</subfield>
</datafield>
<datafield tag="050" ind1="0" ind2=" ">
<subfield code="a">DS99.D3</subfield>
<subfield code="b">I28</subfield>
</datafield>
<datafield tag="066" ind1=" " ind2=" ">
<subfield code="c">(3</subfield>
</datafield>
<datafield tag="090" ind1=" " ind2=" ">
<subfield code="a">DS99.S3</subfield>
<subfield code="b">I3</subfield>
</datafield>
<datafield tag="100" ind1="1" ind2=" ">
<subfield code="a">Ibn Ṭūlūn, Shams al-Dīn Muḥammad ibn ʻAlī,</subfield>
<subfield code="d">1485?-1546</subfield>
<subfield code="6">880-01</subfield>
</datafield>
<datafield tag="245" ind1="1" ind2="3">
<subfield code="6">880-02</subfield>
<subfield code="a">al-Qalāʼid al-jawharīyah fī tārīkh al-Ṣālihīyah /</subfield>
<subfield code="c">li-Muḥammad ibn Ṭūlūn al-Ṣāliḥī ; Bi-taḥqīq Muḥammad Aḥmad Duhmān.</subfield>
</datafield>
<datafield tag="260" ind1=" " ind2=" ">
<subfield code="6">880-03</subfield>
<subfield code="a">[Damascus?] :</subfield>
<subfield code="c">1949-56.</subfield>
</datafield>
<datafield tag="300" ind1=" " ind2=" ">
<subfield code="a">2 v. in 1 (597, [1] p.)</subfield>
<subfield code="b">facsim.</subfield>
<subfield code="c">25 cm.</subfield>
</datafield>
<datafield tag="490" ind1="0" ind2=" ">
<subfield code="6">880-04</subfield>
<subfield code="a">Maktab al-dirāsāt al-Islāmīyah fī Dimashq ;</subfield>
<subfield code="v">2</subfield>
</datafield>
<datafield tag="504" ind1=" " ind2=" ">
<subfield code="a">Includes bibliographical references (p. [598]).</subfield>
</datafield>
<datafield tag="650" ind1=" " ind2="0">
<subfield code="a">Muslims</subfield>
<subfield code="z">Syria</subfield>
<subfield code="z">Damascus</subfield>
<subfield code="v">Biography</subfield>
<subfield code="v">Early works to 1800.</subfield>
</datafield>
<datafield tag="651" ind1=" " ind2="0">
<subfield code="a">Damascus (Syria)</subfield>
<subfield code="v">Biography</subfield>
<subfield code="v">Early works to 1800.</subfield>
</datafield>
<datafield tag="700" ind1="1" ind2=" ">
<subfield code="a">Duhmān, Muḥammad Aḥmad</subfield>
<subfield code="6">880-05</subfield>
</datafield>
<datafield tag="880" ind1="1" ind2=" ">
<subfield code="6">100-01/</subfield>
<subfield code="a">ابن طولون، شمس الدين محمد بن على،</subfield>
<subfield code="d">1485?-1546.</subfield>
</datafield>
<datafield tag="880" ind1="1" ind2="2">
<subfield code="6">245-02/</subfield>
<subfield code="a">القلائد الجوهرية فى تاريخ الصالحية /</subfield>
<subfield code="c">لمؤلفه محمد ابن طولون الصالحى ؛ بتحقيق محمد احمد دهمان.</subfield>
</datafield>
<datafield tag="880" ind1=" " ind2=" ">
<subfield code="6">260-03/</subfield>
<subfield code="a">[Damascus] :</subfield>
<subfield code="c">1949-56.</subfield>
</datafield>
<datafield tag="880" ind1=" " ind2=" ">
<subfield code="6">490-04/</subfield>
<subfield code="a">مكتب الدراسات الاسلامية فى دمشق ؛</subfield>
<subfield code="v">2</subfield>
</datafield>
<datafield tag="880" ind1="1" ind2=" ">
<subfield code="6">700-05/</subfield>
<subfield code="a">دهمان، محمد احمد.</subfield>
</datafield>
<datafield tag="OWN" ind1=" " ind2=" ">
<subfield code="a">GENERAL</subfield>
</datafield>
<datafield tag="998" ind1=" " ind2=" ">
<subfield code="a">20010429</subfield>
<subfield code="d">20010429</subfield>
<subfield code="d">20010429</subfield>
<subfield code="n">NNU</subfield>
<subfield code="s">6</subfield>
<subfield code="t">c</subfield>
<subfield code="z">e</subfield>
</datafield>
<datafield tag="AVA" ind1=" " ind2=" ">
<subfield code="a">NYU50</subfield>
<subfield code="b">BOBST</subfield>
<subfield code="c">Main Collection</subfield>
<subfield code="d">DS99.S3 I3</subfield>
<subfield code="e">unavailable</subfield>
<subfield code="t">Unavailable</subfield>
<subfield code="f">2</subfield>
<subfield code="g">2</subfield>
<subfield code="h">Y</subfield>
<subfield code="i">0</subfield>
<subfield code="j">MAIN</subfield>
<subfield code="k">0</subfield>
</datafield>
</record>
